<?xml version="1.0" encoding="UTF-8" ?><marc:collection xmlns:marc="http://www.loc.gov/MARC21/slim" xmlns:xsi="http://www.w3.org/2001/XMLSchema-instance" xsi:schemaLocation="http://www.loc.gov/MARC21/slim http://www.loc.gov/standards/marcxml/schema/MARC21slim.xsd">
<marc:record><marc:leader>02330nam a2200337 a 4500</marc:leader>
<marc:controlfield tag="001">8260</marc:controlfield>
<marc:controlfield tag="003">aeadna</marc:controlfield><marc:controlfield tag="005">20100502085300.0</marc:controlfield><marc:controlfield tag="006">a      000 0      </marc:controlfield><marc:controlfield tag="008">230811q1921||||ua     e     a00| 0|ara|d</marc:controlfield><marc:datafield tag="035" ind1=" " ind2=" "><marc:subfield code="a">(Sirsi) 8260</marc:subfield></marc:datafield><marc:datafield tag="040" ind1=" " ind2=" "><marc:subfield code="a">nal</marc:subfield><marc:subfield code="b">ara</marc:subfield><marc:subfield code="e">AACR2</marc:subfield></marc:datafield><marc:datafield tag="041" ind1="0" ind2=" "><marc:subfield code="a">ara</marc:subfield></marc:datafield><marc:datafield tag="050" ind1=" " ind2="4"><marc:subfield code="a">BP135.A2</marc:subfield><marc:subfield code="b">.Z3 1921</marc:subfield></marc:datafield><marc:datafield tag="082" ind1="1" ind2="0"><marc:subfield code="a">216.1</marc:subfield><marc:subfield code="b">21</marc:subfield></marc:datafield><marc:datafield tag="100" ind1="0" ind2=" "><marc:subfield code="a">زيد بن علي،</marc:subfield><marc:subfield code="d">695-740.</marc:subfield></marc:datafield><marc:datafield tag="245" ind1="1" ind2="0"><marc:subfield code="a">مسند الإمام الشهيد زيد بن علي بن الحسين بن علي بن أبي طالب عليهم السلام؛ وهو ما رواه عن أبيه عن جده ، ويسمى المجموع الفقهي، لذكره بعض المسائل الفقهية[ويليه] هذه الصحيفة وتسمى مسند افمام علي الرضى بن موسى الكاظم بن جعفر الصادق بن محمد الباقر بن زين العابد بن الحسين بن امير المؤمنين علي بن أبي طالب سلام الله عليهم اجمعين.</marc:subfield></marc:datafield><marc:datafield tag="246" ind1="1" ind2="3"><marc:subfield code="a">مسند الإمام علي الرضى بن موسى الكاظم</marc:subfield></marc:datafield><marc:datafield tag="246" ind1="1" ind2="1"><marc:subfield code="a">المجموع الفقهي</marc:subfield></marc:datafield><marc:datafield tag="260" ind1=" " ind2=" "><marc:subfield code="a">القاهرة :</marc:subfield><marc:subfield code="b">[ٍد. ن.]،</marc:subfield><marc:subfield code="c">1340 هـ.</marc:subfield><marc:subfield code="f">(مطبعة المعارف العلمية بالكحكيين بمصر) [1921]</marc:subfield></marc:datafield><marc:datafield tag="300" ind1=" " ind2=" "><marc:subfield code="a">1-4 ، 1-24،  192 ، 1-36 ص. ؛</marc:subfield><marc:subfield code="c">24 سم.</marc:subfield></marc:datafield><marc:datafield tag="500" ind1=" " ind2=" "><marc:subfield code="a">ورق أصفر . حالة الكتاب جيدة. مجلد.</marc:subfield></marc:datafield><marc:datafield tag="500" ind1=" " ind2=" "><marc:subfield code="a">في البداية فهرست المسند. ثم يتلوها مقدمة في ترجمة الإمام زيد والراوي عنه وذكر بعض مؤلفات أهل البيت عليهم السلام. ويليه  مسند افمام الشهيد زيد بن علي</marc:subfield></marc:datafield><marc:datafield tag="500" ind1=" " ind2=" "><marc:subfield code="a">هذه الصحيفة.الطبعة الثانية.</marc:subfield></marc:datafield><marc:datafield tag="600" ind1="1" ind2="4"><marc:subfield code="a">زيد بن علي بن الحسين بن علي بن أبى طالب.</marc:subfield><marc:subfield code="t">مسند</marc:subfield></marc:datafield><marc:datafield tag="650" ind1=" " ind2="4"><marc:subfield code="a">الفقه الإسلامي، أصول</marc:subfield></marc:datafield><marc:datafield tag="650" ind1=" " ind2="4"><marc:subfield code="a">الحديث</marc:subfield></marc:datafield><marc:datafield tag="700" ind1="1" ind2=" "><marc:subfield code="a">الكاظم، علي الرضى بن موسي</marc:subfield><marc:subfield code="d">148-203 هـ.</marc:subfield><marc:subfield code="t">هذه الصحيفة...</marc:subfield></marc:datafield><marc:datafield tag="700" ind1="1" ind2=" "><marc:subfield code="a">الصدفي، بكر بن محمد عاشور الحنفي</marc:subfield><marc:subfield code="e">مقدم</marc:subfield></marc:datafield><marc:datafield tag="740" ind1="0" ind2=" "><marc:subfield code="a">هذه الصحيفة تسمى مسند الإمام علي الرضي بن موسي الكاظم</marc:subfield></marc:datafield><marc:datafield tag="949" ind1=" " ind2=" "><marc:subfield code="a">216.1 ك س ز </marc:subfield><marc:subfield code="w">ٍDDC</marc:subfield><marc:subfield code="i">30018000010248</marc:subfield><marc:subfield code="u">07/14/2003</marc:subfield><marc:subfield code="d">04/26/2010</marc:subfield><marc:subfield code="n">0</marc:subfield><marc:subfield code="t">Book</marc:subfield><marc:subfield code="l">av</marc:subfield><marc:subfield code="m">MAIN</marc:subfield><marc:subfield code="x">RAR</marc:subfield></marc:datafield></marc:record>
</marc:collection>
